@ARTICLE{West,
   author = {{West}, M.~J. and {de Propris}, R. and {Bremer}, M.~N. and {Phillipps}, S.
	},
    title = "{Ten billion years of brightest cluster galaxy alignments}",
  journal = {Nature Astronomy},
archivePrefix = "arXiv",
   eprint = {1706.03798},
     year = 2017,
    month = jul,
   volume = 1,
      eid = {0157},
    pages = {0157},
      doi = {10.1038/s41550-017-0157},
   adsurl = {http://adsabs.harvard.edu/abs/2017NatAs...1E.157W},
  adsnote = {Provided by the SAO/NASA Astrophysics Data System}
}
